@BOOK{Zangwill2013,
       author = {{Zangwill}, Andrew},
        title = "{Modern Electrodynamics}",
         year = 2013,
       adsurl = {https://ui.adsabs.harvard.edu/abs/2013moel.book.....Z},
      adsnote = {Provided by the SAO/NASA Astrophysics Data System}
}

@BOOK{Jackson1998,
       author = {{Jackson}, John David},
        title = "{Classical Electrodynamics, 3rd Edition}",
         year = 1998,
       adsurl = {https://ui.adsabs.harvard.edu/abs/1998clel.book.....J},
      adsnote = {Provided by the SAO/NASA Astrophysics Data System}
}

@book{Feynman1963,
  author = {Feynman, Richard P. and Leighton, Robert B. and Sands, Matthew},
  title = {The Feynman Lectures on Physics, Vol. II},
  publisher = {Addison-Wesley},
  year = {1963 or 1965},
  address = {Reading, Mass.}
}

@book{Cahn1994,
  author    = {Cahn, Sidney B. and Nadgorny, Boris E.},
  title     = {A Guide to Physics Problems, Part 1: Mechanics, Relativity, and Electrodynamics},
  publisher = {Plenum Press},
  year      = {1994},
  address   = {New York},
  isbn      = {0306446790}
}

@misc{Tong2015,
  author       = {Tong, David},
  title        = {Lectures on Electromagnetism},
  howpublished = {Lecture Notes, University of Texas at Austin},
  year         = {2015},
  note         = {\url{https://www.damtp.cam.ac.uk/user/tong/em/electro.pdf}}
}

@misc{Fitzpatrick2015,
  author       = {Fitzpatrick, Richard},
  title        = {Classical Electromagnetism},
  howpublished = {Lecture Notes, University of Cambridge},
  year         = {2014},
  note         = {\url{https://farside.ph.utexas.edu/teaching/jk1/Electromagnetism.pdf}}
}


